@online{pygame,
    author = {pygame-ce},
    title = {pygame-ce documentation},
    url = {https://www.pygame.org/docs/ref/mouse.html},
    note = {Accessed: 2025-04-28}
}

@online{stackoverflow,
    author = {Stack Overflow},
    title = {Stack Overflow Functions},
    url = {https://stackoverflow.com/questions},
    note = {Accessed: 2025-04-28}
}

@online{github,
    author = {Estevao Fon},
    title = {GitHub Repository: Angry Birds Python},
    url = {https://github.com/estevaofon/angry-birds-python},
    note = {Accessed: 2025-04-28}
}